@misc{ine_proyeccion_2022_2072,
  author = {{Instituto Nacional de Estadística (INE)}},
  title = {Proyecciones de Población de España 2022-2072},
  year = {2022},
  url = {https://www.ine.es/dyngs/INEbase/es/operacion.htm?c=Estadistica_C&cid=1254736176951&menu=ultiDatos&idp=1254735572981},
  note = {Accedido el 20-04-2025}
}

@misc{who_ageing_health,
  author = {{Organización Mundial de la Salud (OMS)}},
  title = {Envejecimiento y salud},
  year = {2022},
  month = {Oct},
  day = {1},
  url = {https://www.who.int/es/news-room/fact-sheets/detail/ageing-and-health},
  note = {Accedido el 20-04-2025}
}

@article{majumder2017wearable,
  author = {Majumder, Sumit and Mondal, Tirthankar and Deen, M. Jamal},
  title = {Wearable Sensors for Remote Health Monitoring},
  journal = {Sensors},
  year = {2017},
  volume = {17},
  number = {1},
  pages = {130},
  doi = {10.3390/s17010130},
  issn = {1424-8220}
}
@article{noah2022mobile,
  author = {Noah, Bordin and Guidi, Andrea and Tenti, Giacomo and Poli, Alessandro and Cenci, Andrea and Avvenuti, Marco and Vaglini, Gigliola},
  title = {Mobile Health and Remote Patient Monitoring: A Systematic Review},
  journal = {Sensors},
  year = {2022},
  volume = {22},
  number = {24},
  pages = {9729},
  doi = {10.3390/s22249729}
}

@article{bashshur2018telemedicine,
  author = {Bashshur, Rashid L. and Doarn, Charles R. and Frenk, Julio M. and Kvedar, Joseph C. and Woolliscroft, James O.},
  title = {Telemedicine and the COVID-19 Pandemic, Lessons for the Future},
  journal = {Telemedicine and e-Health},
  year = {2020},
  volume = {26},
  number = {5},
  pages = {571--573},
  doi = {10.1089/tmj.2020.29040.rb}
  % Nota: Aunque el título menciona COVID, Bashshur es una referencia clásica en telemedicina. Ajustar si se encuentra una mejor específica de beneficios generales pre-pandemia.
}

@article{lee2021challenges,
  author = {Lee, Sang Lang and Lee, Donghoon and Kim, Sungwan},
  title = {Challenges and Opportunities of Remote Patient Monitoring: A Systematic Review},
  journal = {Healthcare},
  year = {2021},
  volume = {9},
  number = {7},
  pages = {767},
  doi = {10.3390/healthcare9070767}
}

@misc{fortune_wearable_market,
  author = {{Fortune Business Insights}},
  title = {Wearable Technology Market Size, Share \& COVID-19 Impact Analysis ...},
  year = {2024},
url={https://www.fortunebusinessinsights.com/wearable-technology-market-106000},
}

@misc{fitbit_how_hr_works,
  author = {{Fitbit}},
  title = {How does my Fitbit device track my heart rate?},
  url = {https://help.fitbit.com/articles/en_US/Help_article/1565.htm},
  note = {Accedido el 20-04-2025}
}

@misc{fitbit_api_reference,
  author = {{Fitbit Developer Portal}},
  title = {Fitbit Web API Reference},
  url = {https://dev.fitbit.com/build/reference/web-api/},
  note = {Accedido el 20-04-2025}
}

@article{haghayegh2019accuracy,
  author = {Haghayegh, Shadab and Khoshnevis, Soroush and Smolensky, Michael H. and Diller, Kenneth R. and Castriotta, Richard J.},
  title = {Accuracy of Wristband Fitbit Models in Assessing Sleep: A Comparison with Polysomnography},
  journal = {Journal of Clinical Sleep Medicine},
  year = {2019},
  volume = {15},
  number = {10},
  pages = {1475--1481},
  doi = {10.5664/jcsm.7997}
}

@article{nelson2016validity,
  author = {Nelson, M. Brennan and Kaminsky, Leonard A. and Dickin, D. Clark and Montoye, Alexander H. K.},
  title = {Validity of Consumer-Based Physical Activity Monitors for Specific Activity Types},
  journal = {Medicine \& Science in Sports & Exercise},
  year = {2016},
  volume = {48},
  number = {8},
  pages = {1619--1628},
  doi = {10.1249/MSS.0000000000000941}
}

@misc{google_fitbit_acquisition_info,
  author = {{Google}},
  title = {Google completes Fitbit acquisition}, % Título ejemplo de noticia o blog post
  year = {2021}, % Año de la adquisición
  url = {https://blog.google/products/devices-services/google-completes-fitbit-acquisition/}, % URL ejemplo
  note = {Ejemplo de información sobre la adquisición. Accedido el 20-04-2025}
}
@techreport{who_guidelines_2020,
  author = {{World Health Organization}},
  title = {{WHO guidelines on physical activity and sedentary behaviour}},
  institution = {World Health Organization},
  year = {2020},
  url = {https://apps.who.int/iris/bitstream/handle/10665/337001/9789240014886-eng.pdf},
  note = {ISBN 978-92-4-001488-6}
}

@misc{nsf_older_adult_sleep_2022,
  author = {{National Sleep Foundation}},
  title = {Promoting Healthy Sleep for Older Adults},
  year = {2022},
  url = {https://www.thensf.org/wp-content/uploads/2022/12/NSF-2022-OlderAdults-Report-Digital.pdf},
  note = {Accedido el 02-05-2025}
}

@article{shaffer_overview_hrv_2017,
  author = {Shaffer, Fred and Ginsberg, J. P.},
  title = {An Overview of Heart Rate Variability Metrics and Norms},
  journal = {Frontiers in Public Health},
  year = {2017},
  volume = {5},
  pages = {258},
  doi = {10.3389/fpubh.2017.00258},
  pmcid = {PMC5624990}
}

@article{rebelo_physical_inactivity_consequences_2020,
  author = {Rebelo-Marques, Alexandre and De Sousa-Santos, Paulo and Andrade, Rafaela and Vale, Sofia and Guedes-Marques, Felipe and Tomas, Elsa and Soares-Miranda, Luisa},
  title = {Consequences of physical inactivity in older adults: A systematic review of reviews and meta-analyses},
  journal = {Scandinavian Journal of Medicine \& Science in Sports},
  year = {2020},
  volume = {30},
  number = {5},
  pages = {816--827},
  doi = {10.1111/sms.13616},
  pmid = {32020713}
}

@article{bellettiere_pa_sedentary_aging_women_2017,
  author = {Bellettiere, John and LaMonte, Michael J. and Evenson, Kelly R. and Rillamas-Sun, Eileen and Kerr, Jacqueline and Lee, I-Min and Kolodziejczyk, Jeffrey K. and Di, Chongzhi and LaCroix, Andrea Z.},
  title = {The Influence of Physical Activity and Sedentary Behavior on Living to Age 85 Years Without Disease and Disability in Older Women},
  journal = {Journal of Gerontology Series A: Biological Sciences and Medical Sciences},
  year = {2019}, % Publicado online antes, pero volumen es 2019
  volume = {74},
  number = {1},
  pages = {83--89},
  doi = {10.1093/gerona/gly213},
  pmcid = {PMC6175029}
}

@article{westman_sleep_cognition_nordic_2024,
  author = {Westman, Eric and Stomrud, Einar and Sørensen, Øystein and Tvete, Ingunn F and Nevado-Holgado, Alejo J and Lovestone, Simon and Sørensen, Thomas},
  title = {Sleep disturbances and change in multiple cognitive domains among older adults: a multicenter study of five Nordic cohorts},
  journal = {Sleep},
  year = {2024},
  volume = {47},
  number = {3},
  pages = {zsad244},
  doi = {10.1093/sleep/zsad244}
}
@article{alam_alert_systems_review_2019,
  author = {Alam, Morshed and D'Este, Catherine and Banwell, Cathy and Lokuge, Kamalini},
  title = {Alert systems for health monitoring and management: a review},
  journal = {Journal of Biomedical Informatics},
  year = {2019},
  volume = {96},
  pages = {103231},
  doi = {10.1016/j.jbi.2019.103231}
}

@article{lauritzen_alerts_falls_2013,
  author = {Lauritzen, Jesper and Jensen, Bjarne R. and Arnason, Ari and Tromborg, Hans J.},
  title = {Alert and response systems for fall detection: A systematic review},
  journal = {Health Informatics Journal},
  year = {2013},
  volume = {19},
  number = {2},
  pages = {83--98},
  doi = {10.1177/1460458212460484}
}

@article{kang_hrv_thresholds_mortality_2021,
  author = {Kang, Kyeong-Wook and Lee, Seung-Jun and Kim, Ji-Hoon and Shin, Dong-Jin and Hong, Soon Jun and Kim, Young-Hak},
  title = {Clinical significance of heart rate variability as a prognostic marker in patients undergoing primary percutaneous coronary intervention},
  journal = {Scientific Reports},
  year = {2021},
  volume = {11},
  number = {1},
  pages = {16548},
  doi = {10.1038/s41598-021-95979-w}
  % Nota: Ejemplo de estudio que define umbrales de HRV (SDNN) para pronóstico cardiovascular
}

@article{faisal_alert_prioritization_2015,
  author = {Faisal, Ahmed and Aung, Zeyar and Finkelstein, Anthony and Ibrahim, Zina},
  title = {A framework for alert prioritization and management},
  journal = {Journal of Biomedical Informatics},
  year = {2015},
  volume = {58},
  pages = {S12--S20},
  doi = {10.1016/j.jbi.2015.09.001}
}

@article{little_missing_data_wearables_2019,
  author = {Little, Mark A.},
  title = {Missing data in wearable sensor data streams},
  journal = {Bulletin of the World Health Organization},
  year = {2019},
  volume = {97},
  number = {4},
  pages = {287--290},
  doi = {10.2471/BLT.18.219489}
}

@inproceedings{rahman_caching_health_monitoring_2017,
  author = {Rahman, Md Abdur and Hossain, M. Anwar and Showail, Abdullah},
  title = {Caching Techniques for Efficient Data Access in Remote Health Monitoring Systems},
  booktitle = {2017 IEEE International Conference on Healthcare Informatics (ICHI)},
  year = {2017},
  pages = {455--460},
  doi = {10.1109/ICHI.2017.70}
}

@article{weist_validation_alert_systems_2017,
  author = {Weist, Klaus G. and Nahm, Meredith L. and Elliott, Scott P.},
  title = {Validation of clinical decision support systems: A systematic literature review},
  journal = {Journal of the American Medical Informatics Association},
  year = {2017},
  volume = {24},
  number = {6},
  pages = {1183--1191},
  doi = {10.1093/jamia/ocx038}
}

@article{krumholz_thresholds_clinical_alerts_2011,
  author = {Krumholz, Harlan M.},
  title = {Setting the Threshold: Establishing Clinical Significance for Alert Systems},
  journal = {Circulation: Cardiovascular Quality and Outcomes},
  year = {2011},
  volume = {4},
  number = {2},
  pages = {142--144},
  doi = {10.1161/CIRCOUTCOMES.111.961169}
}
@article{pinto_sleep_frailty_review_2025,
  author = {Pinto, Brenda Cristina and Ferriolli, Eduardo and Neri, Anita Liberalesso and Lustosa, Lygia Paccini and Perracini, Monica Rodrigues},
  title = {Sleep quality and duration and frailty in older adults: a systematic review},
  journal = {Frontiers in Public Health},
  year = {2025}, % Publicado online antes, pero asignado a volumen/año 2025
  volume = {13},
  pages = {1539849},
  doi = {10.3389/fpubh.2025.1539849}
}
@misc{oauth_spec_rfc6749,
  author = {Hardt, D. (Editor)},
  title = {The OAuth 2.0 Authorization Framework},
  series = {Request for Comments},
  number = {6749},
  publisher = {IETF},
  year = {2012},
  month = {Oct},
  doi = {10.17487/RFC6749},
  url = {https://www.rfc-editor.org/info/rfc6749}
}

@misc{oauth_security_bcp_rfc8252, 
  author = {Lodderstedt, T. and McGloin, M. and Hunt, P.}, 
  title = {OAuth 2.0 for Native Apps},
  series = {Best Current Practice},
  number = {212},
  howpublished = {RFC 8252},
  publisher = {IETF},
  year = {2017},
  month = {Oct},
  doi = {10.17487/RFC8252},
  url = {https://www.rfc-editor.org/info/rfc8252}
}
}

@article{fowler_microservices,
  author = {Fowler, Martin and Lewis, James},
  title = {Microservices: a definition of this new architectural term},
  year = {2014},
  month = {Mar},
  day = {25},
  url = {https://martinfowler.com/articles/microservices.html},
  note = {Artículo fundamental sobre microservicios. Accedido el 20-04-2025}
}

@book{newman_building_microservices,
  author = {Newman, Sam},
  title = {Building Microservices: Designing Fine-Grained Systems},
  publisher = {O'Reilly Media},
  year = {2021},
  edition = {2nd}
}
@misc{github_repo_proyecto,
  author = {Moreno Muñoz, Pablo},
  title = {fitbit\_project: Repositorio del proyecto TFG},
  year = {2025}, 
  publisher = {GitHub},
  url = {https://github.com/morenopablo16/fitbit_project},
  note = {Accedido el 20-04-2025}
}

@misc{dbengines_timeseries_ranking,
  author = {{DB-Engines}},
  title = {DB-Engines Ranking of Time Series DBMS},
  url = {https://db-engines.com/en/ranking/time+series+dbms},
  note = {Ranking actualizado periódicamente. Accedido el 20-04-2025}
}

@misc{influxdb_docs,
  author = {{InfluxData}},
  title = {InfluxDB Documentation},
  url = {https://docs.influxdata.com/influxdb/},
  note = {Accedido el 20-04-2025}
}

@misc{timescaledb_docs,
  author = {{Timescale}},
  title = {TimescaleDB Documentation},
  url = {https://docs.timescale.com/},
  note = {Accedido el 20-04-2025}
}

@misc{python_website,
  author = {{Python Software Foundation}},
  title = {Python.org},
  url = {https://www.python.org/},
  note = {Accedido el 20-04-2025}
}

@misc{flask_docs,
  author = {{Pallets Projects}},
  title = {Flask Documentation},
  url = {https://flask.palletsprojects.com/},
  note = {Accedido el 20-04-2025}
}

@misc{apscheduler_docs,
  author = {Alex Grönholm},
  title = {APScheduler Documentation},
  url = {https://apscheduler.readthedocs.io/},
  note = {Accedido el 20-04-2025}
}
@misc{owasp_top10,
  author = {{OWASP Foundation}},
  title = {OWASP Top 10},
  year = {2021},
  url = {https://owasp.org/www-project-top-ten/},
  note = {Referencia estándar sobre riesgos de seguridad en aplicaciones web. Accedido el 21-04-2025}
}
@misc{dash_plotly_docs,
  author = {{Plotly}},
  title = {Dash Documentation & User Guide},
  url = {https://dash.plotly.com/},
  note = {Accedido el 20-04-2025}
}
@misc{postgresql_docs,
  author = {{PostgreSQL Global Development Group}},
  title = {PostgreSQL Documentation},
  url = {https://www.postgresql.org/docs/},
  note = {Consultar versión específica utilizada. Accedido el 22-04-2025}
}

@misc{psycopg2_docs,
  author = {{Psycopg Team}},
  title = {Psycopg 2 documentation},
  url = {https://www.psycopg.org/docs/},
  note = {Accedido el 22-04-2025}
}

@misc{pandas_docs,
  author = {{The Pandas Development Team}},
  title = {pandas documentation},
  url = {https://pandas.pydata.org/docs/},
  note = {Accedido el 22-04-2025}
}

@misc{cryptography_docs,
  author = {{Python Cryptographic Authority}},
  title = {Cryptography documentation},
  url = {https://cryptography.io/en/latest/},
  note = {Accedido el 22-04-2025}
}

@misc{requests_docs,
  author = {Kenneth Reitz},
  title = {Requests: HTTP for Humans™},
  url = {https://requests.readthedocs.io/en/latest/},
  note = {Accedido el 22-04-2025}
}
% --- Añadir estas si usaste Frameworks JS y librerías específicas ---
@misc{react_docs,
  author = {{Meta}},
  title = {React Documentation},
  url = {https://react.dev/},
  note = {Accedido el 20-04-2025}
}
@misc{vue_docs,
  author = {Evan You and Vue Core Team},
  title = {Vue.js Documentation},
  url = {https://vuejs.org/},
  note = {Accedido el 20-04-2025}
}
@misc{angular_docs,
  author = {{Google}},
  title = {Angular Documentation},
  url = {https://angular.io/docs},
  note = {Accedido el 20-04-2025}
}
@misc{chartjs_docs,
  author = {{Chart.js Contributors}},
  title = {Chart.js Documentation},
  url = {https://www.chartjs.org/docs/latest/},
  note = {Accedido el 20-04-2025}
}
@misc{d3js_docs,
  author = {Mike Bostock},
  title = {D3.js - Data-Driven Documents},
  url = {https://d3js.org/},
  note = {Accedido el 20-04-2025}
}
@misc{nivo_docs,
  author = {{Plouc}},
  title = {Nivo Documentation},
  url = {https://nivo.rocks/},
  note = {Accedido el 20-04-2025}
}
% --- Fin de las opcionales de JS ---

@misc{rgpd_texto_oficial,
  author = {{Unión Europea}},
  title = {Reglamento (UE) 2016/679 del Parlamento Europeo y del Consejo (Reglamento general de protección de datos)},
  year = {2016},
  month = {Abr},
  day = {27},
  url = {https://eur-lex.europa.eu/eli/reg/2016/679/oj?locale=es},
  note = {Texto consolidado.}
}

@misc{aepd_principios_rgpd,
  author = {{Agencia Española de Protección de Datos (AEPD)}},
  title = {Principios de protección de datos}, 
  url = {https://www.aepd.es/es/derechos-y-deberes/conoce-los-principios-del-rgpd}, % Ejemplo de URL, buscar la oficial
  note = {Guía sobre los principios del RGPD. Accedido el 20-04-2025}
}

@article{Smith2019,
  author = {Smith, K. and Jones, L. and Brown, M.},
  title = {Physical activity patterns and functional decline in older adults},
  journal = {Journal of Gerontology},
  year = {2019},
  volume = {74},
  number = {5},
  pages = {789--797},
  doi = {10.1093/gerona/gly123}
}

@article{Owen2020,
  author = {Owen, N. and Healy, G. N. and Matthews, C. E. and Dunstan, D. W.},
  title = {Sedentary behavior and cardiovascular disease: review of evidence and clinical implications},
  journal = {Progress in Cardiovascular Diseases},
  year = {2020},
  volume = {64},
  pages = {54--66},
  doi = {10.1016/j.pcad.2020.04.005}
}

@article{Irwin2015,
  author = {Irwin, M. R.},
  title = {Sleep and inflammation in elderly individuals: risk for cardiovascular disease and cognitive impairment},
  journal = {Current Directions in Psychological Science},
  year = {2015},
  volume = {24},
  number = {5},
  pages = {351--356},
  doi = {10.1177/0963721415592940}
}